@MISC{misc:crocold,
  author = {Birgir Mar Eliasson,
	Ren\'e  Kj\ae r Hornbjerg Andersen,
	Johannes Lindhart Borresen,
	Mark Faldborg},
	
  title = {Croc - En Android app til pictogram konstruktion},
  month = {may},
  year = {2013},
  note = {\url{http://projekter.aau.dk/projekter/da/studentthesis/croc--en-android-app-til-pictogram-konstruktion(98b40067-3bd5-486a-b31c-554812464e83).html}},
  owner = {Praetorian},
  timestamp = {2014.03.04}
}

@MISC{misc:drazenko,
	author = {Drazenko Banjak},
	howpublished = {Egebakken},
	year = {2014},
	note = {\texttt{drazenko.banjak1@skolekom.dk}}
}

@MISC{misc:pernille,
	author = {Pernille Hansen Krogh},
	howpublished = {Mymo},
	year = {2014},
	note = {\texttt{p@mymo.dk}}
}
@MISC{androidtoast,
  author = {{Android Developer}},
  title = {Toasts},
  howpublished = {\url{http://developer.android.com/guide/topics/ui/notifiers/toasts.html}[Last
 seen: 2014/05/14]},
  owner = {Christian},
  timestamp = {2014.05.14}
}
@MISC{voicerss,
  author = {{Voice RSS}},
  title = {Voice RSS},
  howpublished = {\url{http://voicerss.org/}[Last seen: 2014/05/06]},
  owner = {Christian},
  timestamp = {2014.05.06}
}
@MISC{espeak,
  author = {Jonathan Duddington},
  title = {eSpeak text to speech},
  howpublished = {\url{http://espeak.sourceforge.net/}[Last seen: 2014/05/06]},
  owner = {Christian},
  timestamp = {2014.05.06}
}
@MISC{jespeak,
  author = {Pierre-David Belanger},
  title = {JeSpeak},
  howpublished = {\url{http://jespeak.sourceforge.net/}[Last seen: 2014/05/06]},
  owner = {Christian},
  timestamp = {2014.05.06}
}
